@book{gut:newt,
	author={Isaac Newton},
	year={1704},
	title={Opticks: or, a Treatise of the Reflections, Refractions, Inflections, and Colours of Light},
	publisher={William Innys},
	address={London},
	note={Gutenberg eBook 33504},
	language={English},
	url={https://www.gutenberg.org/files/33504/33504-h/33504-h.htm},
	}

@book{gut:hooke,
	author={Robert Hooke},
	year={1665},
	title={Micrographia: or, Some Physiological Descriptions of Minute Bodies made by Magnifying Glasses},
	publisher={The Royal Society},
	address={London},
	note={Gutenberg eBook 15491},
	language={English},
	url={http://www.gutenberg.org/files/15491/15491-h/15491-h.htm},
}
@book{RefWorks:doc:60689ea38f08cf86c9dc700e,
	author={Eugene Hecht},
	year={2016},
	title={Optics, EBook, Global Edition},
	publisher={Pearson Education, Limited},
	address={Harlow},
	note={ID: 5174663},
	isbn={9781292096964},
	language={English},
	url={http://ebookcentral.proquest.com/lib/rhul/detail.action?docID=5174663}
}
