@article{1605.08202,
Author = {Tomasz Radozycki},
Title = {Classical probability density distributions with uncertainty relations for ground states of simple non-relativistic quantum-mechanical systems},
Year = {2016},
Eprint = {arXiv:1605.08202},
Doi = {10.1080/00268976.2016.1219409},
url = {https://arxiv.org/pdf/1605.08202.pdf},
}
@misc{gplv3,
  title        = {Attribution-NonCommercial-ShareAlike (CC BY-NC-SA 4.0)},
  version      = {4.0 International},
  shorthand    = {CC BY-NC-SA},
  organization = {Creative Commons},
  url          = {https://creativecommons.org/licenses/by-nc-sa/4.0/},
  pagination   = {section},
  language     = {english},
  }
@incollection{pao:2012,
   author      = "Paola Cappellaro",
   title       = "Chapter 9: Harmonic Oscillator",
   booktitle   = "Quantum Theory of Radiation Interactions---MIT Course No.~22.51",
   year        = 2012,
   organization= "Massachusetts Institute of Technology",
   note        = "{License: CC BY-NC-SA}",
   url         = "https://ocw.mit.edu/courses/nuclear-engineering/22-51-quantum-theory-of-radiation-interactions-fall-2012/lecture-notes/MIT22_51F12_Ch9.pdf",
}
@book{RefWorks:doc:60607e6a8f08266f5a4c458e,
	author={Franz Mandl},
	year={1992},
	title={Quantum Mechanics},
	publisher={John Wiley \& Sons, Incorporated},
	address={Chicester},
	note={ID: 1212545},
	isbn={9781118728895},
	language={English},
	url={http://ebookcentral.proquest.com/lib/rhul/detail.action?docID=1212545}
}
@book{RefWorks:doc:60607bf68f08266f5a4c455d,
	author={Hans Dieter Dahmen and Tilo Stroh},
	year={2003},
	title={Interactive Quantum Mechanics Under Java},
	publisher={Springer},
	address={New York, NY},
	note={ID: 4975862},
	isbn={9781280188206},
	language={English},
	url={http://ebookcentral.proquest.com/lib/rhul/detail.action?docID=4975862}
}
@book{RefWorks:doc:606076f48f081b19e4859e9a,
	author={David J. Griffiths},
	year={2013},
	title={Introduction to Quantum Mechanics: Pearson New International Edition},
	publisher={Pearson Education Limited},
	address={NOIDA},
	note={ID: 5483644},
	isbn={9781292037141},
	language={English},
	url={http://ebookcentral.proquest.com/lib/rhul/detail.action?docID=5483644}
}
